<?xml version="1.0" encoding="UTF-8"?><collection xmlns="http://www.loc.gov/MARC21/slim"><record><leader>00384nam--2200145-i-4500</leader><controlfield tag="001">000032292</controlfield><controlfield tag="002">20161230</controlfield><controlfield tag="005">20161230201039</controlfield><controlfield tag="008">060222s1000------------r-----000-0-eng-d</controlfield><datafield ind1=" " ind2=" " tag="080"><subfield code="a">681.3</subfield></datafield><datafield ind1=" " ind2=" " tag="100"><subfield code="a">Adrian, Petrescu, Trandafir, Moisa</subfield></datafield><datafield ind1=" " ind2=" " tag="245"><subfield code="a">Microcalculatoare felix m18, m18, b,m118</subfield></datafield><datafield ind1=" " ind2=" " tag="260"><subfield code="a">Bucuresti, Ed.Tehnica, 1984. 288p</subfield></datafield><datafield ind1=" " ind2=" " tag="490"><subfield code="a">Seria Praaactica</subfield></datafield><datafield ind1=" " ind2=" " tag="852"><subfield code="a">71972</subfield></datafield></record></collection>